<?xml version="1.0" encoding="UTF-8"?><collection xmlns="http://www.loc.gov/MARC21/slim"><record><leader>00500nam--2200169-u-4500</leader><controlfield tag="001">000052637</controlfield><controlfield tag="002">20161230</controlfield><controlfield tag="005">20161230201050</controlfield><controlfield tag="008">100930s1000------------r-----000-0-eng-d</controlfield><datafield ind1=" " ind2=" " tag="040"><subfield code="a">IFIN-HH</subfield></datafield><datafield ind1=" " ind2=" " tag="080"><subfield code="a">533.9.082.5(047.3)</subfield></datafield><datafield ind1="1" ind2=" " tag="100"><subfield code="a">Burns, E.J.T</subfield></datafield><datafield ind1="1" ind2="0" tag="245"><subfield code="a">Soft X-Ray, Vacuum Ultraviolet Diagniistics of High Density, High Temperature Plasmas</subfield><subfield code="c">E.J.T. Burns</subfield></datafield><datafield ind1=" " ind2=" " tag="260"><subfield code="a">Albuquerque</subfield><subfield code="b">US Departament of Energy</subfield><subfield code="c">1980</subfield></datafield><datafield ind1=" " ind2=" " tag="300"><subfield code="a">6 p</subfield></datafield><datafield ind1=" " ind2=" " tag="852"><subfield code="a">70763</subfield><subfield code="c">533.9</subfield></datafield><datafield ind1=" " ind2=" " tag="CAT"><subfield code="a">Sys</subfield><subfield code="c">20100930</subfield><subfield code="h">132201</subfield></datafield></record></collection>